@book{Gottlieb89,
    author = "A. Gottlieb and G. Almasi",
    title = "Highly parallel computing",
	publisher = "Benjamin-Cummings Publishing Co.",
    year = "1989"}

@book{Gebali11,
    author = "F. Gebali",
    title = "Algorithms and parallel computing",
	publisher = "Wiley",
    year = "2011"}

@book{Matloff14,
    author = "N. Matloff",
    title = "Programming on parallel machines",
	publisher = "University of California, Davis",
    year = "2014"}

@online{OpenMP13,
  author = {OpenMP ARB Corporation},
  title = {Frequently Asked Questions OPENMP},
  year = 2013,
  url = {http://openmp.org/openmp-faq.html#WhatIs},
  urldate = {2015-03-31}
}

@online{Rogerio15,
  author = "Rogério A. Gonçalves, Alfredo Goldman",
  title = {Introdução ao OpenMP},
  year = 2015,
  url = {http://paca.ime.usp.br/pluginfile.php/72604/mod_resource/content/1/aula-intro-openmp-rag.pdf},
  urldate = {2015-03-18}
}

@online{Lawrence14,
  author = {Lawrence Livermore National Lab},
  title = {Introduction to OpenMP},
  year = 2014,
  url = {https://computing.llnl.gov/tutorials/openMP/#ORDERED},
  urldate = {2014-12-11}
}

